<record><leader>00000cas a22000007a 4500</leader><controlfield tag="001">31491927</controlfield><controlfield tag="008">941121d18541855mauwr ne      0    0eng d</controlfield><datafield ind1=" " ind2=" " tag="010"><subfield code="a">sn 94055941 </subfield></datafield><datafield ind1=" " ind2=" " tag="040"><subfield code="a">MGN</subfield><subfield code="b">eng</subfield><subfield code="c">MGN</subfield><subfield code="d">OCLCQ</subfield></datafield><datafield ind1=" " ind2=" " tag="042"><subfield code="a">msc</subfield></datafield><datafield ind1="0" ind2="4" tag="245"><subfield code="a">The N.Y. crusader.</subfield></datafield><datafield ind1="3" ind2="0" tag="246"><subfield code="a">New York crusader</subfield></datafield><datafield ind1=" " ind2=" " tag="260"><subfield code="a">New-York [N.Y.] :</subfield><subfield code="b">G.F. Secchi de Casali</subfield></datafield><datafield ind1=" " ind2=" " tag="300"><subfield code="a">v.</subfield></datafield><datafield ind1=" " ind2=" " tag="310"><subfield code="a">Weekly</subfield></datafield><datafield ind1="0" ind2=" " tag="362"><subfield code="a">Vol. 3, no. 7 (Dec. 23, 1854)-v. 5, no. 2 (Nov. 17, 1855).</subfield></datafield><datafield ind1=" " ind2=" " tag="515"><subfield code="a">Issues for June 30-Nov. 17, 1855 called also whole no. 86-whole no. 106.</subfield></datafield><datafield ind1=" " ind2=" " tag="752"><subfield code="a">United States</subfield><subfield code="b">New York</subfield><subfield code="c">New York</subfield><subfield code="d">New York.</subfield></datafield><datafield ind1="0" ind2="0" tag="780"><subfield code="t">Crusader (New York, N.Y. : 1853)</subfield><subfield code="w">(DLC)sn 94055940</subfield></datafield></record>